%% This BibTeX bibliography file was created using BibDesk.
%% https://bibdesk.sourceforge.io/

%% Created for Максим Петрусевич at 2019-11-16 23:30:39 +0300 


%% Saved with string encoding Unicode (UTF-8) 



@webpage{statsoft,
	Date-Added = {2019-11-16 23:30:02 +0300},
	Date-Modified = {2019-11-16 23:30:39 +0300},
	Title = {Анализ временных рядов},
	Url = {http://statsoft.ru/home/textbook/modules/sttimser.html},
	Year = {2011}}

@webpage{studopedia,
	Author = {Studopedia Website},
	Date-Added = {2019-11-16 23:21:27 +0300},
	Date-Modified = {2019-11-16 23:29:28 +0300},
	Title = {Studopedia Website},
	Url = {https://studopedia.org/3-10623.html},
	Year = {2016}}

@webpage{wiki,
	Author = {Wikimedia},
	Date-Added = {2019-11-16 23:18:28 +0300},
	Date-Modified = {2019-11-16 23:20:12 +0300},
	Title = {Временной ряд},
	Url = {https://ru.wikipedia.org/wiki/Временной_ряд}}

@webpage{hyndman,
	Author = {Hyndman R.J.},
	Date-Added = {2019-11-16 23:17:04 +0300},
	Date-Modified = {2019-11-16 23:20:49 +0300},
	Title = {Теория и практика в R},
	Url = {https://www.otext.org/book/fpp},
	Year = {2018}}

@webpage{datamining_in_action,
	Author = {MIPT},
	Date-Added = {2019-11-16 23:03:56 +0300},
	Date-Modified = {2019-11-16 23:20:39 +0300},
	Title = {Data Mining In Action},
	Url = {https://github.com/vkantor/MIPT_Data_Mining_In_Action_2016},
	Year = {2016}}

@webpage{bv,
	Author = {Jason Brownlee},
	Date-Added = {2019-11-16 23:03:56 +0300},
	Date-Modified = {2019-11-16 23:20:39 +0300},
	Title = {Gentle Introduction to the Bias-Variance},
	Url = {https://machinelearningmastery.com/gentle-introduction-to-the-bias-variance-trade-off-in-machine-learning/},
	Year = {2018}}

@webpage{cv,
	Author = {Jason Brownlee},
	Date-Added = {2019-11-16 23:03:56 +0300},
	Date-Modified = {2019-11-16 23:20:39 +0300},
	Title = {A Gentle Introduction to k-fold Cross-Validation},
	Url = {https://machinelearningmastery.com/k-fold-cross-validation/},
	Year = {2018}}

@webpage{tdt,
	Author = {racheldraelos},
	Date-Added = {2019-11-16 23:03:56 +0300},
	Date-Modified = {2019-11-16 23:20:39 +0300},
	Title = {Best Use of Train/Val/Test Splits, with Tips for Medical Data},
	Url = {https://glassboxmedicine.com/2019/09/15/best-use-of-train-val-test-splits-with-tips-for-medical-data/},
	Year = {2019}}

@webpage{tdt2,
	Author = {Jason Brownlee},
	Date-Added = {2019-11-16 23:03:56 +0300},
	Date-Modified = {2019-11-16 23:20:39 +0300},
	Title = {What is the Difference Between Test and Validation Datasets?},
	Url = {https://machinelearningmastery.com/difference-test-validation-datasets/},
	Year = {2018}}

@webpage{ang,
	Author = {Andrew Ng},
	Date-Added = {2019-11-16 23:03:56 +0300},
	Date-Modified = {2019-11-16 23:20:39 +0300},
	Title = {Basic Recipe for Machine Learning},
	Url = {https://www.coursera.org/learn/deep-neural-network/lecture/ZBkx4/basic-recipe-for-machine-learning},
	Year = {2016}}